% referred papers
@article{backgrounds,
    author         = "Ashenfelter, J. and others",
    title          = "Background Radiation Measurements at High Power Research Reactors",
    collaboration  = "PROSPECT Collaboration",
    journal        = "Nucl. Instrum. Meth.",
    volume         = "A806",
    year           = "2016",
    pages          = "401-419",
    doi            = "10.1016/j.nima.2015.10.023",
    eprint         = "1506.03547",
    archivePrefix  = "arXiv",
    primaryClass   = "physics.ins-det",
    SLACcitation   = "CITATION ARXIV:1506.03547;"
}

@article{p20paper,
    author        = "Ashenfelter, J. and others",
    title         = "Light Collection an Pulse-Shape Discrimination in Elongated Scintillator Cells for the PROSPECT Reactor Antineutrino Experiment",
    collaboration = "PROSPECT Collaboration",
    journal       = "JINST",
    volume        = "10",
    year          = "2015",
    number        = "11",
    pages         = "P11004",
    doi           = "10.1088/1748-0221/10/11/P11004",
    eprint        = "1508.06575",
    archivePrefix = "arXiv",
    primaryClass  = "physics.ins-det",
    SLACcitation  = "CITATION = ARXIV:1508.06575;"
}

% contributed talks
@misc{ceu15,
    howpublished = "Poster presentation, APS Division of Nuclear Physics Conference Experience for Undergraduates",
    date         = "2015-10-29",
    title        = "Optical Simulations and Studies with the PROSPECT-20 Detector",
    url          = "http://meetings.aps.org/link/BAPS.2015.DNP.EA.159"
}

@misc{gcurs16,
    howpublished = "Gulf Coast Undergraduate Research Symposium, Rice University",
    date         = "2016-10-22",
    title        = "Optical Vortex Solitons: Existence and Computation"
}

@misc{tug19,
    howpublished = "\TeX{} Users Group",
    date         = "2019-09-09",
    title        = "A Few Words About Overleaf"
}

% books
@book{rudin,
    title        = "Rudin: Translated",
    subtitle     = "A new take on a classic text",
    author       = "Nathaniel Stemen and Kevin Yeh",
    year         = "In Progress",
    url          = "https://github.com/natestemen/rudin"
}

% professional writing
@article{autocomplete,
    author  = "Nathaniel Stemen",
    date    = "2017-08-24",
    title   = "A Data-Driven Approach to LaTeX Autocomplete",
    journal = "Overleaf Blog",
    url     = "https://www.overleaf.com/blog/523-a-data-driven-approach-to-latex-autocomplete"
}

@article{ccc,
    author  = "Nathaniel Stemen and John Lees-Miller and Daniel W Hook",
    date    = "2020",
    title   = "The Connected Culture of Collaboration",
    journal = "Digital Science"
}

% workshops
@misc{nyulatex,
    howpublished  = "FYSEM-UA 731: The Mathematics of Ramsey Theory, Courant Institute of Mathematics Sciences NYU",
    date          = "2019-09-13",
    title         = "An Introduction to \LaTeX"
}